<?xml version="1.0" encoding="UTF-8"?><collection xmlns="http://www.loc.gov/MARC21/slim"><record><leader>00589nam--2200169-i-4500</leader><controlfield tag="001">000024680</controlfield><controlfield tag="002">20161230</controlfield><controlfield tag="005">20161230201035</controlfield><controlfield tag="008">060222s1000------------r-----000-0-eng-d</controlfield><datafield ind1=" " ind2=" " tag="040"><subfield code="a">IFIN-HH</subfield></datafield><datafield ind1=" " ind2=" " tag="080"><subfield code="a">537.312.62(061.3)</subfield></datafield><datafield ind1="1" ind2=" " tag="110"><subfield code="a">Ccci</subfield></datafield><datafield ind1="1" ind2="0" tag="245"><subfield code="a">International conference on high-temperature superconductors and materials and mechanisms of superconductivity. february 29-march 4, 1988, interlaken, switzerland</subfield><subfield code="b">Conference program and abstracts</subfield></datafield><datafield ind1=" " ind2=" " tag="260"><subfield code="a">Interlaken</subfield><subfield code="b">Physics Department</subfield><subfield code="c">1988</subfield></datafield><datafield ind1=" " ind2=" " tag="300"><subfield code="a">/PAG.DIF.</subfield></datafield><datafield ind1=" " ind2=" " tag="852"><subfield code="a">74492</subfield><subfield code="c">537:538</subfield></datafield><datafield ind1=" " ind2=" " tag="CAT"><subfield code="a">Sys</subfield><subfield code="c">20110628</subfield><subfield code="h">100956</subfield></datafield></record></collection>